@article{LongoDBS15,
  author    = {Francesco Longo and
               Salvatore Distefano and
               Dario Bruneo and
               Marco Scarpa},
  title     = {Dependability modeling of Software Defined Networking},
  journal   = {Computer Networks},
  volume    = {83},
  pages     = {280--296},
  year      = {2015},
  url       = {https://doi.org/10.1016/j.comnet.2015.03.018},
  doi       = {10.1016/j.comnet.2015.03.018},
  timestamp = {Mon, 10 Jul 2017 17:02:46 +0200},
  biburl    = {https://dblp.org/rec/bib/journals/cn/LongoDBS15},
  bibsource = {dblp computer science bibliography, https://dblp.org}
}

@inproceedings{FahminLHLS17,
  author    = {Ahmed Fahmin and
               Yuan{-}Cheng Lai and
               Md. Shohrab Hossain and
               Ying{-}Dar Lin and
               Dipon Saha},
  title     = {Performance Modeling of {SDN} with {NFV} under or aside the Controller},
  booktitle = {5th International Conference on Future Internet of Things and Cloud
               Workshops, FiCloud Workshops 2017, Prague, Czech Republic, August
               21-23, 2017},
  pages     = {211--216},
  publisher = {{IEEE} Computer Society},
  year      = {2017},
  url       = {https://doi.org/10.1109/FiCloudW.2017.76},
  doi       = {10.1109/FiCloudW.2017.76},
  timestamp = {Thu, 11 Jan 2018 13:21:37 +0100},
  biburl    = {https://dblp.org/rec/bib/conf/ficloud/FahminLHLS17},
  bibsource = {dblp computer science bibliography, https://dblp.org}
}

@inproceedings{Prados-GarzonAR17,
  author    = {Jonathan Prados{-}Garzon and
               Pablo Ameigeiras and
               Juan J. Ramos{-}Mu{\~{n}}oz and
               Pilar Andres{-}Maldonado and
               Juan M. L{\'{o}}pez{-}Soler},
  title     = {Analytical modeling for Virtualized Network Functions},
  booktitle = {2017 {IEEE} International Conference on Communications Workshops,
               {ICC} Workshops 2017, Paris, France, May 21-25, 2017},
  pages     = {979--985},
  publisher = {{IEEE}},
  year      = {2017},
  url       = {https://doi.org/10.1109/ICCW.2017.7962786},
  doi       = {10.1109/ICCW.2017.7962786},
  timestamp = {Sat, 16 Sep 2017 12:07:43 +0200},
  biburl    = {https://dblp.org/rec/bib/conf/icc/Prados-GarzonAR17},
  bibsource = {dblp computer science bibliography, https://dblp.org}
}

@inproceedings{GebertZLST16,
  author    = {Steffen Gebert and
               Thomas Zinner and
               Stanislav Lange and
               Christian Schwartz and
               Phuoc Tran{-}Gia},
  editor    = {Tobias Ho{\ss}feld and
               Brian L. Mark and
               S.{-}H. Gary Chan and
               Andreas Timm{-}Giel},
  title     = {Performance Modeling of Softwarized Network Functions Using Discrete-Time
               Analysis},
  booktitle = {28th International Teletraffic Congress, {ITC} 2016, W{\"{u}}rzburg,
               Germany, September 12-16, 2016},
  pages     = {234--242},
  publisher = {{IEEE}},
  year      = {2016},
  url       = {https://doi.org/10.1109/ITC-28.2016.140},
  doi       = {10.1109/ITC-28.2016.140},
  timestamp = {Thu, 28 Sep 2017 07:43:59 +0200},
  biburl    = {https://dblp.org/rec/bib/conf/teletraffic/GebertZLST16},
  bibsource = {dblp computer science bibliography, https://dblp.org}
}

@inproceedings{AzodolmolkyWY13,
  author    = {Siamak Azodolmolky and
               Philipp Wieder and
               Ramin Yahyapour},
  title     = {Performance Evaluation of a Scalable Software-Defined Networking Deployment},
  booktitle = {Second European Workshop on Software Defined Networks, {EWSDN} 2013,
               Berlin, Germany, October 10-11, 2013},
  pages     = {68--74},
  publisher = {{IEEE} Computer Society},
  year      = {2013},
  url       = {https://doi.org/10.1109/EWSDN.2013.18},
  doi       = {10.1109/EWSDN.2013.18},
  timestamp = {Thu, 15 Jun 2017 21:33:47 +0200},
  biburl    = {https://dblp.org/rec/bib/conf/ewsdn/AzodolmolkyWY13},
  bibsource = {dblp computer science bibliography, https://dblp.org}
}

@article{MiaoMWWH16,
  author    = {Wang Miao and
               Geyong Min and
               Yulei Wu and
               Haozhe Wang and
               Jia Hu},
  title     = {Performance Modelling and Analysis of Software-Defined Networking
               under Bursty Multimedia Traffic},
  journal   = {{TOMCCAP}},
  volume    = {12},
  number    = {5s},
  pages     = {77:1--77:19},
  year      = {2016},
  url       = {http://doi.acm.org/10.1145/2983637},
  doi       = {10.1145/2983637},
  timestamp = {Wed, 04 Jan 2017 14:15:03 +0100},
  biburl    = {https://dblp.org/rec/bib/journals/tomccap/MiaoMWWH16},
  bibsource = {dblp computer science bibliography, https://dblp.org}
}

@inproceedings{GreenbergG97,
  author    = {Ronald I. Greenberg and
               Lee Guan},
  title     = {An Improved Analytical Model for Wormhole Routed Networks with Application
               to Butterfly Fat-Trees},
  booktitle = {1997 International Conference on Parallel Processing {(ICPP} '97),
               August 11-15, 1997, Bloomington, IL, USA, Proceedings},
  pages     = {44--48},
  publisher = {{IEEE} Computer Society},
  year      = {1997},
  url       = {https://doi.org/10.1109/ICPP.1997.622554},
  doi       = {10.1109/ICPP.1997.622554},
  timestamp = {Fri, 19 May 2017 01:26:08 +0200},
  biburl    = {https://dblp.org/rec/bib/conf/icpp/GreenbergG97},
  bibsource = {dblp computer science bibliography, https://dblp.org}
}

@inproceedings{LiuHSJ15,
  author    = {Ning Liu and
               Adnan Haider and
               Xian{-}He Sun and
               Dong Jin},
  editor    = {Simon J. E. Taylor and
               Navonil Mustafee and
               Young{-}Jun Son},
  title     = {FatTreeSim: Modeling Large-scale Fat-Tree Networks for {HPC} Systems
               and Data Centers Using Parallel and Discrete Event Simulation},
  booktitle = {Proceedings of the 3rd {ACM} Conference on SIGSIM-Principles of Advanced
               Discrete Simulation, London, United Kingdom, June 10 - 12, 2015},
  pages     = {199--210},
  publisher = {{ACM}},
  year      = {2015},
  url       = {http://doi.acm.org/10.1145/2769458.2769474},
  doi       = {10.1145/2769458.2769474},
  timestamp = {Thu, 18 Jun 2015 15:03:46 +0200},
  biburl    = {https://dblp.org/rec/bib/conf/pads/LiuHSJ15},
  bibsource = {dblp computer science bibliography, https://dblp.org}
}

@inproceedings{Al-FaresLV08,
  author    = {Mohammad Al{-}Fares and
               Alexander Loukissas and
               Amin Vahdat},
  editor    = {Victor Bahl and
               David Wetherall and
               Stefan Savage and
               Ion Stoica},
  title     = {A scalable, commodity data center network architecture},
  booktitle = {Proceedings of the {ACM} {SIGCOMM} 2008 Conference on Applications,
               Technologies, Architectures, and Protocols for Computer Communications,
               Seattle, WA, USA, August 17-22, 2008},
  pages     = {63--74},
  publisher = {{ACM}},
  year      = {2008},
  url       = {http://doi.acm.org/10.1145/1402958.1402967},
  doi       = {10.1145/1402958.1402967},
  timestamp = {Tue, 26 Jan 2016 10:12:59 +0100},
  biburl    = {https://dblp.org/rec/bib/conf/sigcomm/Al-FaresLV08},
  bibsource = {dblp computer science bibliography, https://dblp.org}
}

@online{Cisco18, 
  title   = {{Cisco Global Cloud Index: Forecast and Methodology, 2016â€“2021 White Paper}}, 
  url     = {https://www.cisco.com/c/en/us/solutions/collateral/service-provider/global-cloud-index-gci/white-paper-c11-738085.html}, 
  urldate = {2018-04-18}, 
}

@article{WuMLJ12,
  author    = {Yulei Wu and
               Geyong Min and
               Keqiu Li and
               Bahman Javadi},
  title     = {Modeling and Analysis of Communication Networks in Multicluster Systems
               under Spatio-Temporal Bursty Traffic},
  journal   = {{IEEE} Trans. Parallel Distrib. Syst.},
  volume    = {23},
  number    = {5},
  pages     = {902--912},
  year      = {2012},
  url       = {https://doi.org/10.1109/TPDS.2011.198},
  doi       = {10.1109/TPDS.2011.198},
  timestamp = {Sat, 27 May 2017 14:23:27 +0200},
  biburl    = {https://dblp.org/rec/bib/journals/tpds/WuMLJ12},
  bibsource = {dblp computer science bibliography, https://dblp.org}
}

